<collection xmlns="http://www.loc.gov/MARC21/slim">
<record>
  <leader>01897nam0a2200385 i 450 </leader>
  <controlfield tag="001">IT\ICCU\CNCE\005326</controlfield>
  <controlfield tag="005">19980403000000.0</controlfield>
  <datafield tag="012" ind1=" " ind2=" ">
    <subfield code="a">eaea nono uaua EiEr (C) 1532 (R)</subfield>
    <subfield code="2">fei</subfield>
  </datafield>
  <datafield tag="100" ind1=" " ind2=" ">
    <subfield code="a">19970101d1532        0itac0103    ba</subfield>
  </datafield>
  <datafield tag="101" ind1=" " ind2=" ">
    <subfield code="a">ITA</subfield>
  </datafield>
  <datafield tag="102" ind1=" " ind2=" ">
    <subfield code="a">IT</subfield>
  </datafield>
  <datafield tag="200" ind1="1" ind2=" ">
    <subfield code="a">Amore ... Et una Caccia de amore bellissima de Egidio et cinque capituli ... Composti per ... Matteo Maria Boiardo</subfield>
  </datafield>
  <datafield tag="210" ind1=" " ind2=" ">
    <subfield code="a">In Vinegia</subfield>
    <subfield code="c">per Vettor Rauano et compagni</subfield>
    <subfield code="d">1532</subfield>
  </datafield>
  <datafield tag="215" ind1=" " ind2=" ">
    <subfield code="a">\48! c.</subfield>
    <subfield code="d">8ʻ</subfield>
  </datafield>
  <datafield tag="620" ind1=" " ind2=" ">
    <subfield code="a">IT</subfield>
    <subfield code="d">Venezia</subfield>
  </datafield>
  <datafield tag="700" ind1=" " ind2="1">
    <subfield code="a">Benivieni,</subfield>
    <subfield code="b">Girolamo</subfield>
    <subfield code="3">IT\ICCU\CNCA\001124</subfield>
  </datafield>
  <datafield tag="702" ind1=" " ind2="1">
    <subfield code="a">Boiardo,</subfield>
    <subfield code="b">Matteo Maria</subfield>
    <subfield code="3">IT\ICCU\CNCA\000229</subfield>
  </datafield>
  <datafield tag="702" ind1=" " ind2="0">
    <subfield code="a">Egidio</subfield>
    <subfield code="c"> : da#Viterbo</subfield>
    <subfield code="3">IT\ICCU\CNCA\001090</subfield>
  </datafield>
  <datafield tag="712" ind1="0" ind2="0">
    <subfield code="a">Ravani, Vittore &amp; C.</subfield>
    <subfield code="3">IT\ICCU\CNCT\002928</subfield>
    <subfield code="4">650</subfield>
  </datafield>
  <datafield tag="790" ind1=" " ind2="1">
    <subfield code="a">Antonini,</subfield>
    <subfield code="b">Egidio</subfield>
    <subfield code="3">IT\ICCU\CNCA\007614</subfield>
    <subfield code="z">Egidio : da#Viterbo</subfield>
  </datafield>
  <datafield tag="790" ind1=" " ind2="1">
    <subfield code="a">Canisio,</subfield>
    <subfield code="b">Egidio</subfield>
    <subfield code="3">IT\ICCU\CNCA\007829</subfield>
    <subfield code="z">Egidio : da#Viterbo</subfield>
  </datafield>
  <datafield tag="790" ind1=" " ind2="0">
    <subfield code="a">Egidius</subfield>
    <subfield code="c"> : Viterbiensis</subfield>
    <subfield code="3">IT\ICCU\CNCA\022483</subfield>
    <subfield code="z">Egidio : da#Viterbo</subfield>
  </datafield>
  <datafield tag="790" ind1=" " ind2="0">
    <subfield code="a">Aegidius</subfield>
    <subfield code="c"> : Viterbiensis</subfield>
    <subfield code="3">IT\ICCU\CNCA\022484</subfield>
    <subfield code="z">Egidio : da#Viterbo</subfield>
  </datafield>
  <datafield tag="791" ind1="0" ind2="0">
    <subfield code="a">Rabanis, Victor a &amp; C.</subfield>
    <subfield code="3">IT\ICCU\CNCT\005313</subfield>
    <subfield code="z">Ravani, Vittore &amp; C.</subfield>
  </datafield>
  <datafield tag="791" ind1="0" ind2="0">
    <subfield code="a">Ravano della Serena, Vettor &amp; C.</subfield>
    <subfield code="3">IT\ICCU\CNCT\005314</subfield>
    <subfield code="z">Ravani, Vittore &amp; C.</subfield>
  </datafield>
  <datafield tag="791" ind1="0" ind2="0">
    <subfield code="a">Serena, Vittore della &amp; C.</subfield>
    <subfield code="3">IT\ICCU\CNCT\005315</subfield>
    <subfield code="z">Ravani, Vittore &amp; C.</subfield>
  </datafield>
  <datafield tag="791" ind1="0" ind2="0">
    <subfield code="a">Ravanis, Victor de &amp; C.</subfield>
    <subfield code="3">IT\ICCU\CNCT\005316</subfield>
    <subfield code="z">Ravani, Vittore &amp; C.</subfield>
  </datafield>
  <datafield tag="791" ind1="0" ind2="0">
    <subfield code="a">Ravaniani, Vettor de &amp; C.</subfield>
    <subfield code="3">IT\ICCU\CNCT\005317</subfield>
    <subfield code="z">Ravani, Vittore &amp; C.</subfield>
  </datafield>
  <datafield tag="791" ind1="0" ind2="0">
    <subfield code="a">Rabani, Vettor de &amp; C.</subfield>
    <subfield code="3">IT\ICCU\CNCT\005318</subfield>
    <subfield code="z">Ravani, Vittore &amp; C.</subfield>
  </datafield>
  <datafield tag="801" ind1=" " ind2="3">
    <subfield code="a">IT</subfield>
    <subfield code="b">ICCU</subfield>
    <subfield code="c">20201113</subfield>
  </datafield>
  <datafield tag="899" ind1=" " ind2=" ">
    <subfield code="a">Biblioteca civica. Cosenza</subfield>
    <subfield code="1">CS0044</subfield>
    <subfield code="2">RCA 20</subfield>
  </datafield>
  <datafield tag="899" ind1=" " ind2=" ">
    <subfield code="a">Biblioteca Riccardiana. Firenze</subfield>
    <subfield code="1">FI0094</subfield>
    <subfield code="2">CFI RF</subfield>
  </datafield>
  <datafield tag="899" ind1=" " ind2=" ">
    <subfield code="a">Biblioteca universitaria. Pisa</subfield>
    <subfield code="1">PI0112</subfield>
    <subfield code="2">PIS R1</subfield>
  </datafield>
  <datafield tag="899" ind1=" " ind2=" ">
    <subfield code="a">Biblioteca Casanatense. Roma</subfield>
    <subfield code="1">RM0313</subfield>
    <subfield code="2">RML 07</subfield>
  </datafield>
  <datafield tag="899" ind1=" " ind2=" ">
    <subfield code="a">Biblioteca Bartoliniana. Udine</subfield>
    <subfield code="1">UD0243</subfield>
    <subfield code="2">ZUD 12</subfield>
  </datafield>
</record>
</collection>
